@article{sugiyama2008traffic,
  title={Traffic jams without bottlenecks--experimental evidence for the physical mechanism of the formation of a jam},
  author={Sugiyama, Yuki and Fukui, Minoru and Kikuchi, Macoto and Hasebe, Katsuya and Nakayama, Akihiro and Nishinari, Katsuhiro and Tadaki, Shin-ichi and Yukawa, Satoshi},
  journal={New journal of physics},
  volume={10},
  number={3},
  pages={033001},
  year={2008},
  publisher={IOP Publishing}
}

@article{stern2018dissipation,
  title={Dissipation of stop-and-go waves via control of autonomous vehicles: Field experiments},
  author={Stern, Raphael E and Cui, Shumo and Delle Monache, Maria Laura and Bhadani, Rahul and Bunting, Matt and Churchill, Miles and Hamilton, Nathaniel and Pohlmann, Hannah and Wu, Fangyu and Piccoli, Benedetto and others},
  journal={Transportation Research Part C: Emerging Technologies},
  volume={89},
  pages={205--221},
  year={2018},
  publisher={Elsevier}
}

@book{rajamani2011vehicle,
  title={Vehicle dynamics and control},
  author={Rajamani, Rajesh},
  year={2011},
  publisher={Springer Science \& Business Media}
}

@book{litman2017autonomous,
  title={Autonomous vehicle implementation predictions},
  author={Litman, Todd},
  year={2017},
  publisher={Victoria Transport Policy Institute Victoria, Canada}
}

@article{bhadani2018cat,
  title={The cat vehicle testbed: A simulator with hardware in the loop for autonomous vehicle applications},
  author={Bhadani, Rahul Kumar and Sprinkle, Jonathan and Bunting, Matthew},
  journal={arXiv preprint arXiv:1804.04347},
  year={2018}
}

@inproceedings{bhadani2019real,
  title={Real-time distance estimation and filtering of vehicle headways for smoothing of traffic waves},
  author={Bhadani, Rahul and Bunting, Matthew and Seibold, Benjamin and Stern, Raphael and Cui, Shumo and Sprinkle, Jonathan and Piccoli, Benedetto and Work, Daniel B},
  booktitle={Proceedings of the 10th ACM/IEEE International Conference on Cyber-Physical Systems},
  pages={280--290},
  year={2019},
  organization={ACM}
}

@inproceedings{bhadani2018dissipation,
  title={Dissipation of Emergent Traffic Waves in Stop-and-Go Traffic Using a Supervisory Controller},
  author={Bhadani, Rahul Kumar and Piccoli, Benedetto and Seibold, Benjamin and Sprinkle, Jonathan and Work, Daniel},
  booktitle={2018 IEEE Conference on Decision and Control (CDC)},
  pages={3628--3633},
  year={2018},
  organization={IEEE}
}

@article{hoberock1977survey,
  title={A survey of longitudinal acceleration comfort studies in ground transportation vehicles},
  author={Hoberock, Lawrence L},
  journal={Journal of Dynamic Systems, Measurement, and Control},
  volume={99},
  number={2},
  pages={76--84},
  year={1977},
  publisher={American Society of Mechanical Engineers}
}

@webpage{carsort,
	Author = {CarSort},
	Date-Added = {2019-07-31 23:44:16 -0700},
	Date-Modified = {2019-07-31 23:49:55 -0700},
	Title = {2012 Ford Escape Hybrid},
	Url = {carsort.com/cars/Ford-Escape-Hybrid}}

@webpage{motortrend,
	Author = {MotorTrend},
	Date-Added = {2019-07-31 23:48:16 -0700},
	Date-Modified = {2019-07-31 23:50:37 -0700},
	Title = {2012 Ford Escape Reviews},
	Url = {www.motortrend.com/cars/ford/escape/2012/}}

@webpage{caranddriver,
	Author = {Dave Vanderwerp},
	Date-Added = {2019-07-31 23:52:12 -0700},
	Date-Modified = {2019-07-31 23:53:41 -0700},
	Month = {December},
	Title = {Ford Escape Hybrid 4WD},
	Url = {www.caranddriver.com/reviews/a15132014/ford-escape-hybrid-4wd-road-test-hybrid-operation-page-1/},
	Year = {2004}}

@webpage{edmunds,
	Author = {Edmunds},
	Date-Added = {2019-07-31 23:50:39 -0700},
	Date-Modified = {2019-07-31 23:52:03 -0700},
	Title = {Used 2012 Ford Escape Hybrid Hybrid Review},
	Url = {www.edmunds.com/ford/escape/2012/hybrid/st-101387395/review/}}

@electronic{michigan,
	Date-Added = {2019-07-31 23:53:29 -0700},
	Date-Modified = {2019-07-31 23:55:54 -0700},
	Title = {Vehicle Test Book},
	Url = {www.michigan.gov/documents/msp/VehicleEvaluation2007_MSP-SpecialDesigned_182664_7.pdf},
	Year = {2007}}

@article{fambro1997nchrp,
  title={NCHRP report 400: Determination of stopping sight distances},
  author={Fambro, DB and Fitzpatrick, K and Koppa, RJ},
  journal={TRB, National Research Council, Washington, DC},
  year={1997}
}

@article{muller2003estimation,
  title={Estimation of the maximum tire-road friction coefficient},
  author={Muller, Steffen and Uchanski, Michael and Hedrick, Karl},
  journal={Journal of dynamic systems, measurement, and control},
  volume={125},
  number={4},
  pages={607--617},
  year={2003},
  publisher={American Society of Mechanical Engineers}
}

@article{maurya2012study,
  title={STUDY OF DECELERATION BEHAVIOUR OF DIFFERENT VEHICLE TYPES.},
  author={Maurya, Akhilesh Kumar and Bokare, Prashant Shridhar},
  journal={International Journal for Traffic \& Transport Engineering},
  volume={2},
  number={3},
  year={2012}
}


@manual{vehicledynamicsblockset,
	Address = {1 Apple Hill Drive, Natick, MA 01760-2098},
	Date-Added = {2019-08-01 00:01:07 -0700},
	Date-Modified = {2019-08-01 00:03:59 -0700},
	Edition = {Version 1.2},
	Month = {March},
	Organization = {MathWorks},
	Title = {Vehicle Dynamics Blockset: Reference},
	Url = {https://www.mathworks.com/help/pdf_doc/vdynblks/vdynblks_ref.pdf},
	Year = {2019}}


@article{wu2019tracking,
  title={Tracking vehicle trajectories and fuel rates in phantom traffic jams: Methodology and data},
  author={Wu, Fangyu and Stern, Raphael E and Cui, Shumo and Delle Monache, Maria Laura and Bhadani, Rahul and Bunting, Matt and Churchill, Miles and Hamilton, Nathaniel and Piccoli, Benedetto and Seibold, Benjamin and others},
  journal={Transportation Research Part C: Emerging Technologies},
  volume={99},
  pages={82--109},
  year={2019},
  publisher={Elsevier}
}

@article{wu2018arizona,
  title={The Arizona Ring Experiments Dataset (ARED)},
  author={Wu, Fangyu and Stern, Raphael E and Cui, Shumo and Delle Monache, Maria Laura and Bhadani, Rahul and Bunting, Matt and Churchill, Miles and Hamilton, Nathaniel and Piccoli, Benedetto and Seibold, Benjamin and others},
  year={2018}
}

@article{feng2019string,
	title={String stability for vehicular platoon control: Definitions and analysis methods},
	author={Feng, Shuo and Zhang, Yi and Li, Shengbo Eben and Cao, Zhong and Liu, Henry X and Li, Li},
	journal={Annual Reviews in Control},
	year={2019},
	publisher={Elsevier}
}